<record><leader>00000cas a22000007a 4500</leader><controlfield tag="001">20943085</controlfield><controlfield tag="008">900123d18981898ohudr ne      0    0eng d</controlfield><datafield ind1=" " ind2=" " tag="010"><subfield code="a">sn 89076257 </subfield></datafield><datafield ind1=" " ind2=" " tag="040"><subfield code="a">ONP</subfield><subfield code="b">eng</subfield><subfield code="c">ONP</subfield><subfield code="d">OCLCQ</subfield></datafield><datafield ind1=" " ind2=" " tag="042"><subfield code="a">msc</subfield></datafield><datafield ind1="0" ind2="4" tag="245"><subfield code="a">The Mt. Vernon daily Republican-news.</subfield></datafield><datafield ind1="3" ind2="0" tag="246"><subfield code="a">Mount Vernon daily Republican-news</subfield></datafield><datafield ind1=" " ind2=" " tag="260"><subfield code="a">Mt. Vernon, Ohio :</subfield><subfield code="b">Republican Pub. Co.,</subfield><subfield code="c">1898.</subfield></datafield><datafield ind1=" " ind2=" " tag="300"><subfield code="a">v.</subfield></datafield><datafield ind1="0" ind2=" " tag="362"><subfield code="a">No. 211 (May 9, 1898).</subfield></datafield><datafield ind1=" " ind2=" " tag="752"><subfield code="a">United States</subfield><subfield code="b">Ohio</subfield><subfield code="c">Knox</subfield><subfield code="d">Mount Vernon.</subfield></datafield><datafield ind1="0" ind2="4" tag="780"><subfield code="t">Mt. Vernon daily Republican</subfield><subfield code="w">(DLC)sn 89076258</subfield></datafield><datafield ind1="0" ind2="4" tag="780"><subfield code="t">Mt. Vernon news</subfield></datafield><datafield ind1="0" ind2="0" tag="785"><subfield code="t">Daily Republican-news (Mount Vernon, Ohio)</subfield><subfield code="w">(DLC)sn 84028556</subfield></datafield></record>